%YAML 1.1
%TAG !u! tag:unity3d.com,2011:
--- !u!1 &1063969213001935680
GameObject:
  m_ObjectHideFlags: 0
  m_CorrespondingSourceObject: {fileID: 0}
  m_PrefabInstance: {fileID: 0}
  m_PrefabAsset: {fileID: 0}
  serializedVersion: 6
  m_Component:
  - component: {fileID: 2579120976190515810}
  - component: {fileID: 7140526992321490175}
  - component: {fileID: 5931791488901517308}
  m_Layer: 0
  m_Name: Model
  m_TagString: Untagged
  m_Icon: {fileID: 0}
  m_NavMeshLayer: 0
  m_StaticEditorFlags: 0
  m_IsActive: 0
--- !u!4 &2579120976190515810
Transform:
  m_ObjectHideFlags: 0
  m_CorrespondingSourceObject: {fileID: 0}
  m_PrefabInstance: {fileID: 0}
  m_PrefabAsset: {fileID: 0}
  m_GameObject: {fileID: 1063969213001935680}
  m_LocalRotation: {x: -0.27059805, y: 0.6532815, z: 0.27059805, w: 0.6532815}
  m_LocalPosition: {x: 0, y: 0, z: 0}
  m_LocalScale: {x: 1, y: 1, z: 1}
  m_Children: []
  m_Father: {fileID: 1540875052462893975}
  m_RootOrder: 0
  m_LocalEulerAnglesHint: {x: -45, y: 90, z: 0}
--- !u!33 &7140526992321490175
MeshFilter:
  m_ObjectHideFlags: 0
  m_CorrespondingSourceObject: {fileID: 0}
  m_PrefabInstance: {fileID: 0}
  m_PrefabAsset: {fileID: 0}
  m_GameObject: {fileID: 1063969213001935680}
  m_Mesh: {fileID: 10202, guid: 0000000000000000e000000000000000, type: 0}
--- !u!23 &5931791488901517308
MeshRenderer:
  m_ObjectHideFlags: 0
  m_CorrespondingSourceObject: {fileID: 0}
  m_PrefabInstance: {fileID: 0}
  m_PrefabAsset: {fileID: 0}
  m_GameObject: {fileID: 1063969213001935680}
  m_Enabled: 1
  m_CastShadows: 1
  m_ReceiveShadows: 1
  m_DynamicOccludee: 1
  m_MotionVectors: 1
  m_LightProbeUsage: 1
  m_ReflectionProbeUsage: 1
  m_RayTracingMode: 2
  m_RenderingLayerMask: 1
  m_RendererPriority: 0
  m_Materials:
  - {fileID: 2100000, guid: 297175b77a880814b865cc70fa77ed8f, type: 2}
  m_StaticBatchInfo:
    firstSubMesh: 0
    subMeshCount: 0
  m_StaticBatchRoot: {fileID: 0}
  m_ProbeAnchor: {fileID: 0}
  m_LightProbeVolumeOverride: {fileID: 0}
  m_ScaleInLightmap: 1
  m_ReceiveGI: 1
  m_PreserveUVs: 0
  m_IgnoreNormalsForChartDetection: 0
  m_ImportantGI: 0
  m_StitchLightmapSeams: 1
  m_SelectedEditorRenderState: 3
  m_MinimumChartSize: 4
  m_AutoUVMaxDistance: 0.5
  m_AutoUVMaxAngle: 89
  m_LightmapParameters: {fileID: 0}
  m_SortingLayerID: 0
  m_SortingLayer: 0
  m_SortingOrder: 0
--- !u!1 &9139401478316404040
GameObject:
  m_ObjectHideFlags: 0
  m_CorrespondingSourceObject: {fileID: 0}
  m_PrefabInstance: {fileID: 0}
  m_PrefabAsset: {fileID: 0}
  serializedVersion: 6
  m_Component:
  - component: {fileID: 1540875052462893975}
  - component: {fileID: 1342128674013121818}
  - component: {fileID: 9059035503923326865}
  - component: {fileID: 4726361946729875425}
  m_Layer: 0
  m_Name: BalloonPickup
  m_TagString: Untagged
  m_Icon: {fileID: 0}
  m_NavMeshLayer: 0
  m_StaticEditorFlags: 0
  m_IsActive: 1
--- !u!4 &1540875052462893975
Transform:
  m_ObjectHideFlags: 0
  m_CorrespondingSourceObject: {fileID: 0}
  m_PrefabInstance: {fileID: 0}
  m_PrefabAsset: {fileID: 0}
  m_GameObject: {fileID: 9139401478316404040}
  m_LocalRotation: {x: 0, y: 0, z: 0, w: 1}
  m_LocalPosition: {x: 0, y: 0, z: 0}
  m_LocalScale: {x: 1, y: 1, z: 1}
  m_Children:
  - {fileID: 2579120976190515810}
  - {fileID: 6529626679725874486}
  m_Father: {fileID: 0}
  m_RootOrder: 0
  m_LocalEulerAnglesHint: {x: 0, y: 0, z: 0}
--- !u!135 &1342128674013121818
SphereCollider:
  m_ObjectHideFlags: 0
  m_CorrespondingSourceObject: {fileID: 0}
  m_PrefabInstance: {fileID: 0}
  m_PrefabAsset: {fileID: 0}
  m_GameObject: {fileID: 9139401478316404040}
  m_Material: {fileID: 0}
  m_IsTrigger: 1
  m_Enabled: 1
  serializedVersion: 2
  m_Radius: 1.5
  m_Center: {x: 0, y: 0, z: 0}
--- !u!114 &9059035503923326865
MonoBehaviour:
  m_ObjectHideFlags: 0
  m_CorrespondingSourceObject: {fileID: 0}
  m_PrefabInstance: {fileID: 0}
  m_PrefabAsset: {fileID: 0}
  m_GameObject: {fileID: 9139401478316404040}
  m_Enabled: 1
  m_EditorHideFlags: 0
  m_Script: {fileID: 11500000, guid: 6bdde3ae47463034c806e4016643ca1e, type: 3}
  m_Name: 
  m_EditorClassIdentifier: 
  value: 1
  material: {fileID: 0}
  possibleMaterials:
  - {fileID: 2100000, guid: a90fa58704f259d48be944b7ee5407d9, type: 2}
  - {fileID: 2100000, guid: 142b746e16deced49bc8fa48f9467cbf, type: 2}
  - {fileID: 2100000, guid: cde9dbac02e3d70448b1ef6f4761fa86, type: 2}
  - {fileID: 2100000, guid: a54db1d7c0aaea04b8b8630bc69eb18b, type: 2}
--- !u!95 &4726361946729875425
Animator:
  serializedVersion: 3
  m_ObjectHideFlags: 0
  m_CorrespondingSourceObject: {fileID: 0}
  m_PrefabInstance: {fileID: 0}
  m_PrefabAsset: {fileID: 0}
  m_GameObject: {fileID: 9139401478316404040}
  m_Enabled: 1
  m_Avatar: {fileID: 0}
  m_Controller: {fileID: 9100000, guid: 9e8b78492b8e5de40b19b6369c1639bd, type: 2}
  m_CullingMode: 0
  m_UpdateMode: 0
  m_ApplyRootMotion: 0
  m_LinearVelocityBlending: 0
  m_WarningMessage: 
  m_HasTransformHierarchy: 1
  m_AllowConstantClipSamplingOptimization: 1
  m_KeepAnimatorControllerStateOnDisable: 0
--- !u!1001 &7563993036571001226
PrefabInstance:
  m_ObjectHideFlags: 0
  serializedVersion: 2
  m_Modification:
    m_TransformParent: {fileID: 1540875052462893975}
    m_Modifications:
    - target: {fileID: 3631404649425050812, guid: 93551e76be8dbc149889ff1d71d1c33b,
        type: 3}
      propertyPath: m_LocalPosition.x
      value: 0
      objectReference: {fileID: 0}
    - target: {fileID: 3631404649425050812, guid: 93551e76be8dbc149889ff1d71d1c33b,
        type: 3}
      propertyPath: m_LocalPosition.y
      value: 0
      objectReference: {fileID: 0}
    - target: {fileID: 3631404649425050812, guid: 93551e76be8dbc149889ff1d71d1c33b,
        type: 3}
      propertyPath: m_LocalPosition.z
      value: 0
      objectReference: {fileID: 0}
    - target: {fileID: 3631404649425050812, guid: 93551e76be8dbc149889ff1d71d1c33b,
        type: 3}
      propertyPath: m_LocalRotation.x
      value: -0
      objectReference: {fileID: 0}
    - target: {fileID: 3631404649425050812, guid: 93551e76be8dbc149889ff1d71d1c33b,
        type: 3}
      propertyPath: m_LocalRotation.y
      value: -0
      objectReference: {fileID: 0}
    - target: {fileID: 3631404649425050812, guid: 93551e76be8dbc149889ff1d71d1c33b,
        type: 3}
      propertyPath: m_LocalRotation.z
      value: -0
      objectReference: {fileID: 0}
    - target: {fileID: 3631404649425050812, guid: 93551e76be8dbc149889ff1d71d1c33b,
        type: 3}
      propertyPath: m_LocalRotation.w
      value: 1
      objectReference: {fileID: 0}
    - target: {fileID: 3631404649425050812, guid: 93551e76be8dbc149889ff1d71d1c33b,
        type: 3}
      propertyPath: m_RootOrder
      value: 1
      objectReference: {fileID: 0}
    - target: {fileID: 3631404649425050812, guid: 93551e76be8dbc149889ff1d71d1c33b,
        type: 3}
      propertyPath: m_LocalEulerAnglesHint.x
      value: 0
      objectReference: {fileID: 0}
    - target: {fileID: 3631404649425050812, guid: 93551e76be8dbc149889ff1d71d1c33b,
        type: 3}
      propertyPath: m_LocalEulerAnglesHint.y
      value: 0
      objectReference: {fileID: 0}
    - target: {fileID: 3631404649425050812, guid: 93551e76be8dbc149889ff1d71d1c33b,
        type: 3}
      propertyPath: m_LocalEulerAnglesHint.z
      value: 0
      objectReference: {fileID: 0}
    - target: {fileID: 5648308318768097932, guid: 93551e76be8dbc149889ff1d71d1c33b,
        type: 3}
      propertyPath: m_Materials.Array.data[0]
      value: 
      objectReference: {fileID: 2100000, guid: cde9dbac02e3d70448b1ef6f4761fa86, type: 2}
    - target: {fileID: 6071579286128406012, guid: 93551e76be8dbc149889ff1d71d1c33b,
        type: 3}
      propertyPath: m_Materials.Array.data[0]
      value: 
      objectReference: {fileID: 2100000, guid: cde9dbac02e3d70448b1ef6f4761fa86, type: 2}
    - target: {fileID: 6901747415843527715, guid: 93551e76be8dbc149889ff1d71d1c33b,
        type: 3}
      propertyPath: m_Name
      value: BalloonModel
      objectReference: {fileID: 0}
    m_RemovedComponents: []
  m_SourcePrefab: {fileID: 100100000, guid: 93551e76be8dbc149889ff1d71d1c33b, type: 3}
--- !u!4 &6529626679725874486 stripped
Transform:
  m_CorrespondingSourceObject: {fileID: 3631404649425050812, guid: 93551e76be8dbc149889ff1d71d1c33b,
    type: 3}
  m_PrefabInstance: {fileID: 7563993036571001226}
  m_PrefabAsset: {fileID: 0}
